<record><leader>00000cas a22000007a 4500</leader><controlfield tag="001">1681068</controlfield><controlfield tag="008">751007d18771882mnu x ne      0    0eng d</controlfield><datafield ind1=" " ind2=" " tag="010"><subfield code="a">sn 90060084 </subfield></datafield><datafield ind1=" " ind2=" " tag="040"><subfield code="a">MUL</subfield><subfield code="b">eng</subfield><subfield code="c">MUL</subfield><subfield code="d">MN#</subfield><subfield code="d">OCLCQ</subfield><subfield code="d">OCLCF</subfield><subfield code="d">OCLCO</subfield></datafield><datafield ind1="1" ind2=" " tag="029"><subfield code="a">AU@</subfield><subfield code="b">000025902843</subfield></datafield><datafield ind1=" " ind2=" " tag="042"><subfield code="a">msc</subfield></datafield><datafield ind1=" " ind2=" " tag="043"><subfield code="a">n-us-mn</subfield></datafield><datafield ind1=" " ind2=" " tag="052"><subfield code="a">4144</subfield><subfield code="b">M5</subfield></datafield><datafield ind1="0" ind2=" " tag="130"><subfield code="a">Tourist and sportsman (Minneapolis, Minn. : 1877)</subfield></datafield><datafield ind1="0" ind2="0" tag="245"><subfield code="a">Tourist and sportsman.</subfield></datafield><datafield ind1=" " ind2=" " tag="260"><subfield code="a">Minneapolis, Minn. :</subfield><subfield code="b">A.S. Dimond,</subfield><subfield code="c">1877-1882</subfield></datafield><datafield ind1=" " ind2=" " tag="300"><subfield code="a">6 v.</subfield></datafield><datafield ind1="0" ind2=" " tag="362"><subfield code="a">Vol. 2, no. 1 (Mar. 10, 1877)-v. 7, no. 13 (Sept. 2, 1882).</subfield></datafield><datafield ind1=" " ind2=" " tag="500"><subfield code="a">Published as: The tourist, June 5, 1880-Sept. 11, 1880.</subfield></datafield><datafield ind1=" " ind2=" " tag="530"><subfield code="a">Available on microfilm from the Minnesota Historical Society.</subfield></datafield><datafield ind1=" " ind2="0" tag="651"><subfield code="a">Minneapolis (Minn.)</subfield><subfield code="v">Newspapers.</subfield></datafield><datafield ind1=" " ind2="7" tag="655"><subfield code="a">Newspapers.</subfield><subfield code="2">fast</subfield><subfield code="0">(OCoLC)fst01423814</subfield></datafield><datafield ind1=" " ind2="7" tag="651"><subfield code="a">Minnesota</subfield><subfield code="z">Minneapolis.</subfield><subfield code="2">fast</subfield><subfield code="0">(OCoLC)fst01204260</subfield></datafield><datafield ind1=" " ind2=" " tag="752"><subfield code="a">United States</subfield><subfield code="b">Minnesota</subfield><subfield code="c">Hennepin</subfield><subfield code="d">Minneapolis.</subfield></datafield><datafield ind1="0" ind2="0" tag="780"><subfield code="t">Lake Minnetonka tourist</subfield><subfield code="w">(DLC)sn 90060083</subfield></datafield><datafield ind1="0" ind2="1" tag="785"><subfield code="t">Northwestern tourist</subfield><subfield code="w">(DLC)sn 90059772</subfield></datafield><datafield ind1="0" ind2="1" tag="785"><subfield code="t">Excelsior weekly</subfield><subfield code="w">(DLC)sn 90060086</subfield></datafield></record>